@Book{PittsAM:nomsns,
  author = {Andrew. M. Pitts},
  title = {Nominal Sets: Names and Symmetry in Computer Science},
  publisher = {Cambridge University Press},
  year = 2013,
  volume = 57,
  series = {Cambridge Tracts in Theoretical Computer Science},
  isbn = {9781107017788}
},

@article{DBLP:journals/corr/Pitts14,
  author    = {Andrew M. Pitts},
  title     = {An Equivalent Presentation of the Bezem-Coquand-Huber Category of
               Cubical Sets},
  journal   = {CoRR},
  volume    = {abs/1401.7807},
  year      = {2014},
  url       = {http://arxiv.org/abs/1401.7807},
  timestamp = {Sun, 02 Feb 2014 18:37:28 +0100},
  biburl    = {http://dblp.uni-trier.de/rec/bib/journals/corr/Pitts14},
  bibsource = {dblp computer science bibliography, http://dblp.org}
},

@inproceedings{bezem2014model,
  title     = {A model of type theory in cubical sets},
  author    = {Marc Bezem and Thierry Coquand and Simon Huber},
  booktitle = {19th International Conference on Types for Proofs and Programs (TYPES 2013)},
  volume    = {26},
  pages     = {107--128},
  year      = {2014}
},

@inproceedings{Hofmann97syntaxand,
    author = {Martin Hofmann},
    title = {Syntax and Semantics of Dependent Types},
    booktitle = {Semantics and Logics of Computation},
    year = {1997},
    pages = {79--130},
    publisher = {Cambridge University Press}
},

@article{altenkirch2014syntax,
    title={A syntax for cubical type theory},
    author={Thorsten Altenkirch and Ambrus Kaposi},
    year={2014},
    note = {To appear}
},
